@article{cache-pso,
 author = {Chang, Feng-Cheng and Huang, Hsiang-Cheh},
 title = {A Refactoring Method for Cache-efficient Swarm Intelligence Algorithms},
 journal = {Inf. Sci.},
 issue_date = {June, 2012},
 volume = {192},
 month = jun,
 year = {2012},
 issn = {0020-0255},
 pages = {39--49},
 numpages = {11},
 doi = {10.1016/j.ins.2010.02.025},
 publisher = {Elsevier Science Inc.},
 address = {New York, NY, USA},
}

@book{ackley,
 author = {Ackley, David H.},
 title = {A Connectionist Machine for Genetic Hillclimbing},
 year = {1987},
 isbn = {0-89838-236-X},
 publisher = {Kluwer Academic Publishers},
 address = {Norwell, MA, USA},
}

@book{rastrigin,
	author = {Rastrigin, L. A.},
  title = {The convergence of the random search method in the extremal control of a many parameter system},
  publisher = {Automation and Remote Control},
  pages = {1337â€“-1342},
  year = {1963}
}

@inproceedings{pso,
  author = {Kennedy, James and Eberhart, Russell C.},
  booktitle = {Proceedings of the IEEE International Conference on Neural Networks},
  pages = {1942--1948},
  priority = {2},
  title = {Particle swarm optimization},
  year = 1995
}


